% URLs

@ONLINE{www:power_study,
	title = {{Study Says Minority of Drivers Want Autonomous Cars | J.D. Power}},
	author = {Jeff Youngs},
	month = dec,
	year = {2013},
	howpublished = {\url{http://autos.jdpower.com/content/blog-post/9y0oqsq/study-says-minority-of-drivers-want-autonomous-cars-unless-they-save-money.htm}}
}

@ONLINE{www:google_blog_miles,
	title = {{Official Blog: The self-driving car logs more miles on new wheels}},
	author = {Chris Urmson},
	month = dec,
	year = {2013},
	howpublished = {\url{http://googleblog.blogspot.hu/2012/08/the-self-driving-car-logs-more-miles-on.html}}
}

@ONLINE{www:google_blind,
	title = {{Self-Driving Car Test: Steve Mahan - YouTube}},
	author = {Google},
	month = nov,
	year = {2013},
	howpublished = {\url{https://www.youtube.com/watch?v=cdgQpa1pUUE}}
}

@ONLINE{www:huffington_post,
	title = {{No One Understands The Scariest, Most Dangerous Part Of A Self-Driving Car: Us}},
	author = {Bianca Bosker},
	month = nov,
	year = {2013},
	howpublished = {\url{http://www.huffingtonpost.com/2013/09/16/self-driving-car_n_3909069.html}}
}

@ONLINE{www:toyota_i_park_assist,
	title = {{Intelligent Park Assist - Toyota Prius v}},
	author = {Toyota},
	month = dec,
	year = {2013},
	howpublished = {\url{http://www.toyota.com.au/prius-v/features/audio/intelligent-park-assist}}
}

@ONLINE{www:toyota_ipa_video,
	title = {{2010 Prius: Intelligent Parking Assist (IPA) - YouTube}},
	author = {ToyotaUSA},
	month = dec,
	year = {2013},
	howpublished = {\url{https://www.youtube.com/watch?v=2eng94_flJw}}
}

@ONLINE{www:toyota_pcs,
	title = {{Pre-Crash Safety System | TOYOTA MOTOR CORPORATION GLOBAL WEBSITE}},
	author = {Toyota},
	month = dec,
	year = {2013},
	howpublished = {\url{http://www.toyota-global.com/innovation/safety_technology/safety_technology/pre-crash_safety/}}
}

@ONLINE{www:newyorker_google_car,
	title = {{Burkhard Bilger: Inside Googleâ€™s Driverless Car : The New Yorker}},
	author = {Burkhard Bilger},
	month = dec,
	year = {2013},
	howpublished = {\url{http://www.newyorker.com/reporting/2013/11/25/131125fa_fact_bilger}}
}

@ONLINE{www:vw_lane_assist,
	title = {{Lane assist : Volkswagen UK}},
	author = {Volkswagen},
	month = dec,
	year = {2013},
	howpublished = {\url{http://www.volkswagen.co.uk/technology/proximity-sensing/lane-assist}}
}

@ONLINE{www:mercedes_autonomous,
	title = {{Mercedes-Benz TV: Autonomous long-distance drive - YouTube}},
	author = {{Mercedes-Benz}},
	month = dec,
	year = {2013},
	howpublished = {\url{https://www.youtube.com/watch?v=CKqJccK_EkM&t=90}}
}

@ONLINE{www:mercedes_attention_assist,
	title = {{Mercedes Safety: Attention Assist, Pre-Safe \& Distronic Plus | Mercedes-Benz}},
	author = {{Mercedes-Benz USA}},
	month = nov,
	year = {2013},
	howpublished = {\url{http://www.mbusa.com/mercedes/benz/safety#module-3}}
}

@ONLINE{www:mercedes_pre_safe,
	title = {{Mercedes Safety: Attention Assist, Pre-Safe \& Distronic Plus | Mercedes-Benz}},
	author = {{Mercedes-Benz USA}},
	month = dec,
	year = {2013},
	howpublished = {\url{http://www.mbusa.com/mercedes/benz/safety#module-2}}
}

@ONLINE{www:wiki_autopilot,
	title = {{Autopilot - Wikipedia, the free encyclopedia}},
	author = {{Wikipedia}},
	month = jan,
	year = {2014},
	howpublished = {\url{http://en.wikipedia.org/wiki/Autopilot#First_autopilots}}
}

@online{nhtsa_av_policy,
  title={Automated Vehicles Policy},
  author={NHTSA},
  month = jan,
  year={2014},
  howpublished={\url{http://www.nhtsa.gov/About+NHTSA/Press+Releases/U.S.+Department+of+Transportation+Releases+Policy+on+Automated+Vehicle+Development}}
}

% Papers and books
@book{geddes2009magic,
  title={Magic Motorways},
  author={Geddes, N.B.},
  isbn={9781444603682},
  url={http://books.google.de/books?id=79qHSiCYraUC},
  year={2009},
  publisher={Read Books}
}

@ARTICLE{cummings:authority,
	title = {{Shared Authority Concerns in Automated Driving Applications}},
	author = {Cummings, M.L. and J.C. Ryan},
	year = {2013},
	journal = {Humans and Automation Laboratory Working Paper}
}

@article{inagaki:adaptive,
  title={Adaptive automation: Sharing and trading of control},
  author={Inagaki, Toshiyuki},
  journal={Handbook of cognitive task design},
  volume={8},
  pages={147--169},
  year={2003},
  publisher={Lawrence Erlbaum Associates, Mahwah, NJ}
}

@techreport{sheridan:human,
  title={Human and computer control of undersea teleoperators},
  author={Sheridan, Thomas B and Verplank, William L},
  year={1978},
  institution={DTIC Document}
}
